%YAML 1.1
%TAG !u! tag:unity3d.com,2011:
--- !u!1 &155853212609404977
GameObject:
  m_ObjectHideFlags: 0
  m_CorrespondingSourceObject: {fileID: 0}
  m_PrefabInstance: {fileID: 0}
  m_PrefabAsset: {fileID: 0}
  serializedVersion: 6
  m_Component:
  - component: {fileID: 155853212609404980}
  - component: {fileID: 155853212609404983}
  - component: {fileID: 155853212609404982}
  - component: {fileID: 155853212609404981}
  - component: {fileID: 8622373846863021606}
  - component: {fileID: 8622373848579972135}
  m_Layer: 0
  m_Name: Girl
  m_TagString: Red Team
  m_Icon: {fileID: 0}
  m_NavMeshLayer: 0
  m_StaticEditorFlags: 0
  m_IsActive: 1
--- !u!4 &155853212609404980
Transform:
  m_ObjectHideFlags: 0
  m_CorrespondingSourceObject: {fileID: 0}
  m_PrefabInstance: {fileID: 0}
  m_PrefabAsset: {fileID: 0}
  m_GameObject: {fileID: 155853212609404977}
  m_LocalRotation: {x: 0, y: 0, z: 0, w: 1}
  m_LocalPosition: {x: 2.96, y: 0, z: 0}
  m_LocalScale: {x: 1, y: 1, z: 1}
  m_Children:
  - {fileID: 8622373847070572150}
  - {fileID: 2266162874478544088}
  - {fileID: 3572502690584058803}
  m_Father: {fileID: 0}
  m_RootOrder: 0
  m_LocalEulerAnglesHint: {x: 0, y: 0, z: 0}
--- !u!212 &155853212609404983
SpriteRenderer:
  m_ObjectHideFlags: 0
  m_CorrespondingSourceObject: {fileID: 0}
  m_PrefabInstance: {fileID: 0}
  m_PrefabAsset: {fileID: 0}
  m_GameObject: {fileID: 155853212609404977}
  m_Enabled: 1
  m_CastShadows: 0
  m_ReceiveShadows: 0
  m_DynamicOccludee: 1
  m_MotionVectors: 1
  m_LightProbeUsage: 1
  m_ReflectionProbeUsage: 1
  m_RayTracingMode: 0
  m_RenderingLayerMask: 1
  m_RendererPriority: 0
  m_Materials:
  - {fileID: 10754, guid: 0000000000000000f000000000000000, type: 0}
  m_StaticBatchInfo:
    firstSubMesh: 0
    subMeshCount: 0
  m_StaticBatchRoot: {fileID: 0}
  m_ProbeAnchor: {fileID: 0}
  m_LightProbeVolumeOverride: {fileID: 0}
  m_ScaleInLightmap: 1
  m_ReceiveGI: 1
  m_PreserveUVs: 0
  m_IgnoreNormalsForChartDetection: 0
  m_ImportantGI: 0
  m_StitchLightmapSeams: 1
  m_SelectedEditorRenderState: 0
  m_MinimumChartSize: 4
  m_AutoUVMaxDistance: 0.5
  m_AutoUVMaxAngle: 89
  m_LightmapParameters: {fileID: 0}
  m_SortingLayerID: 0
  m_SortingLayer: 0
  m_SortingOrder: 0
  m_Sprite: {fileID: 6959611807755978480, guid: e702f8bb7f939ad4891e4ccc14ce30c9,
    type: 3}
  m_Color: {r: 1, g: 1, b: 1, a: 1}
  m_FlipX: 0
  m_FlipY: 0
  m_DrawMode: 0
  m_Size: {x: 1.5, y: 1.5}
  m_AdaptiveModeThreshold: 0.5
  m_SpriteTileMode: 0
  m_WasSpriteAssigned: 1
  m_MaskInteraction: 0
  m_SpriteSortPoint: 0
--- !u!95 &155853212609404982
Animator:
  serializedVersion: 3
  m_ObjectHideFlags: 0
  m_CorrespondingSourceObject: {fileID: 0}
  m_PrefabInstance: {fileID: 0}
  m_PrefabAsset: {fileID: 0}
  m_GameObject: {fileID: 155853212609404977}
  m_Enabled: 1
  m_Avatar: {fileID: 0}
  m_Controller: {fileID: 9100000, guid: 1705d4685c390a2448d8c0af13e0dd65, type: 2}
  m_CullingMode: 0
  m_UpdateMode: 0
  m_ApplyRootMotion: 0
  m_LinearVelocityBlending: 0
  m_WarningMessage: 
  m_HasTransformHierarchy: 1
  m_AllowConstantClipSamplingOptimization: 1
  m_KeepAnimatorControllerStateOnDisable: 0
--- !u!70 &155853212609404981
CapsuleCollider2D:
  m_ObjectHideFlags: 0
  m_CorrespondingSourceObject: {fileID: 0}
  m_PrefabInstance: {fileID: 0}
  m_PrefabAsset: {fileID: 0}
  m_GameObject: {fileID: 155853212609404977}
  m_Enabled: 1
  m_Density: 1
  m_Material: {fileID: 0}
  m_IsTrigger: 1
  m_UsedByEffector: 0
  m_UsedByComposite: 0
  m_Offset: {x: 0.05, y: 0.75}
  m_Size: {x: 0.8, y: 1.5}
  m_Direction: 0
--- !u!50 &8622373846863021606
Rigidbody2D:
  serializedVersion: 4
  m_ObjectHideFlags: 0
  m_CorrespondingSourceObject: {fileID: 0}
  m_PrefabInstance: {fileID: 0}
  m_PrefabAsset: {fileID: 0}
  m_GameObject: {fileID: 155853212609404977}
  m_BodyType: 0
  m_Simulated: 1
  m_UseFullKinematicContacts: 0
  m_UseAutoMass: 0
  m_Mass: 1
  m_LinearDrag: 0
  m_AngularDrag: 0
  m_GravityScale: 0
  m_Material: {fileID: 0}
  m_Interpolate: 0
  m_SleepingMode: 1
  m_CollisionDetection: 0
  m_Constraints: 4
--- !u!114 &8622373848579972135
MonoBehaviour:
  m_ObjectHideFlags: 0
  m_CorrespondingSourceObject: {fileID: 0}
  m_PrefabInstance: {fileID: 0}
  m_PrefabAsset: {fileID: 0}
  m_GameObject: {fileID: 155853212609404977}
  m_Enabled: 1
  m_EditorHideFlags: 0
  m_Script: {fileID: 11500000, guid: d4d1f102c1f1ba748b59dc25d19de2d3, type: 3}
  m_Name: 
  m_EditorClassIdentifier: 
  canMove: 1
  moveSpeed: 0
  power: 100
  hands: {fileID: 8622373848487398851}
  powerBar: {fileID: 4599149312175427507}
--- !u!1 &1361524173267115005
GameObject:
  m_ObjectHideFlags: 0
  m_CorrespondingSourceObject: {fileID: 0}
  m_PrefabInstance: {fileID: 0}
  m_PrefabAsset: {fileID: 0}
  serializedVersion: 6
  m_Component:
  - component: {fileID: 2266162874478544088}
  - component: {fileID: 2743733139965278492}
  m_Layer: 8
  m_Name: Feet
  m_TagString: Untagged
  m_Icon: {fileID: 0}
  m_NavMeshLayer: 0
  m_StaticEditorFlags: 0
  m_IsActive: 1
--- !u!4 &2266162874478544088
Transform:
  m_ObjectHideFlags: 0
  m_CorrespondingSourceObject: {fileID: 0}
  m_PrefabInstance: {fileID: 0}
  m_PrefabAsset: {fileID: 0}
  m_GameObject: {fileID: 1361524173267115005}
  m_LocalRotation: {x: -0, y: -0, z: -0, w: 1}
  m_LocalPosition: {x: 0, y: 0.3, z: 0}
  m_LocalScale: {x: 1, y: 1, z: 1}
  m_Children: []
  m_Father: {fileID: 155853212609404980}
  m_RootOrder: 1
  m_LocalEulerAnglesHint: {x: 0, y: 0, z: 0}
--- !u!58 &2743733139965278492
CircleCollider2D:
  m_ObjectHideFlags: 0
  m_CorrespondingSourceObject: {fileID: 0}
  m_PrefabInstance: {fileID: 0}
  m_PrefabAsset: {fileID: 0}
  m_GameObject: {fileID: 1361524173267115005}
  m_Enabled: 1
  m_Density: 1
  m_Material: {fileID: 0}
  m_IsTrigger: 0
  m_UsedByEffector: 0
  m_UsedByComposite: 0
  m_Offset: {x: 0, y: 0}
  serializedVersion: 2
  m_Radius: 0.28
--- !u!114 &6920727740899431943
MonoBehaviour:
  m_ObjectHideFlags: 0
  m_CorrespondingSourceObject: {fileID: 0}
  m_PrefabInstance: {fileID: 0}
  m_PrefabAsset: {fileID: 0}
  m_GameObject: {fileID: 6223802368164418845}
  m_Enabled: 1
  m_EditorHideFlags: 0
  m_Script: {fileID: 11500000, guid: 6a16e1a8dd5769e438995227e758d58d, type: 3}
  m_Name: 
  m_EditorClassIdentifier: 
--- !u!1 &8622373847070572145
GameObject:
  m_ObjectHideFlags: 0
  m_CorrespondingSourceObject: {fileID: 0}
  m_PrefabInstance: {fileID: 0}
  m_PrefabAsset: {fileID: 0}
  serializedVersion: 6
  m_Component:
  - component: {fileID: 8622373847070572150}
  - component: {fileID: 8622373847070572151}
  - component: {fileID: 8622373848487398851}
  m_Layer: 0
  m_Name: Hands
  m_TagString: Untagged
  m_Icon: {fileID: 0}
  m_NavMeshLayer: 0
  m_StaticEditorFlags: 0
  m_IsActive: 1
--- !u!4 &8622373847070572150
Transform:
  m_ObjectHideFlags: 0
  m_CorrespondingSourceObject: {fileID: 0}
  m_PrefabInstance: {fileID: 0}
  m_PrefabAsset: {fileID: 0}
  m_GameObject: {fileID: 8622373847070572145}
  m_LocalRotation: {x: -0, y: -0, z: -0, w: 1}
  m_LocalPosition: {x: 0, y: 0.7, z: 0}
  m_LocalScale: {x: 1, y: 1, z: 1}
  m_Children: []
  m_Father: {fileID: 155853212609404980}
  m_RootOrder: 0
  m_LocalEulerAnglesHint: {x: 0, y: 0, z: 0}
--- !u!61 &8622373847070572151
BoxCollider2D:
  m_ObjectHideFlags: 0
  m_CorrespondingSourceObject: {fileID: 0}
  m_PrefabInstance: {fileID: 0}
  m_PrefabAsset: {fileID: 0}
  m_GameObject: {fileID: 8622373847070572145}
  m_Enabled: 1
  m_Density: 1
  m_Material: {fileID: 0}
  m_IsTrigger: 1
  m_UsedByEffector: 0
  m_UsedByComposite: 0
  m_Offset: {x: 0.56, y: 0}
  m_SpriteTilingProperty:
    border: {x: 0, y: 0, z: 0, w: 0}
    pivot: {x: 0, y: 0}
    oldSize: {x: 0, y: 0}
    newSize: {x: 0, y: 0}
    adaptiveTilingThreshold: 0
    drawMode: 0
    adaptiveTiling: 0
  m_AutoTiling: 0
  serializedVersion: 2
  m_Size: {x: 0.21, y: 0.8170433}
  m_EdgeRadius: 0
--- !u!114 &8622373848487398851
MonoBehaviour:
  m_ObjectHideFlags: 0
  m_CorrespondingSourceObject: {fileID: 0}
  m_PrefabInstance: {fileID: 0}
  m_PrefabAsset: {fileID: 0}
  m_GameObject: {fileID: 8622373847070572145}
  m_Enabled: 1
  m_EditorHideFlags: 0
  m_Script: {fileID: 11500000, guid: db2c2a47fef652b429aa7650f5284268, type: 3}
  m_Name: 
  m_EditorClassIdentifier: 
--- !u!1001 &6492956057134342255
PrefabInstance:
  m_ObjectHideFlags: 0
  serializedVersion: 2
  m_Modification:
    m_TransformParent: {fileID: 155853212609404980}
    m_Modifications:
    - target: {fileID: 4650723797205895799, guid: 041b6f4129bf3044cadf8f0f9b0366bf,
        type: 3}
      propertyPath: m_Name
      value: Player HUD
      objectReference: {fileID: 0}
    - target: {fileID: 6553061786552081850, guid: 041b6f4129bf3044cadf8f0f9b0366bf,
        type: 3}
      propertyPath: m_Color.b
      value: 0.0768532
      objectReference: {fileID: 0}
    - target: {fileID: 6553061786552081850, guid: 041b6f4129bf3044cadf8f0f9b0366bf,
        type: 3}
      propertyPath: m_Color.g
      value: 0
      objectReference: {fileID: 0}
    - target: {fileID: 6553061786552081850, guid: 041b6f4129bf3044cadf8f0f9b0366bf,
        type: 3}
      propertyPath: m_Color.r
      value: 0.9529412
      objectReference: {fileID: 0}
    - target: {fileID: 7750564551029259228, guid: 041b6f4129bf3044cadf8f0f9b0366bf,
        type: 3}
      propertyPath: m_RootOrder
      value: 2
      objectReference: {fileID: 0}
    - target: {fileID: 7750564551029259228, guid: 041b6f4129bf3044cadf8f0f9b0366bf,
        type: 3}
      propertyPath: m_LocalPosition.x
      value: 0
      objectReference: {fileID: 0}
    - target: {fileID: 7750564551029259228, guid: 041b6f4129bf3044cadf8f0f9b0366bf,
        type: 3}
      propertyPath: m_LocalPosition.y
      value: 1.7
      objectReference: {fileID: 0}
    - target: {fileID: 7750564551029259228, guid: 041b6f4129bf3044cadf8f0f9b0366bf,
        type: 3}
      propertyPath: m_LocalPosition.z
      value: 0
      objectReference: {fileID: 0}
    - target: {fileID: 7750564551029259228, guid: 041b6f4129bf3044cadf8f0f9b0366bf,
        type: 3}
      propertyPath: m_LocalRotation.w
      value: 1
      objectReference: {fileID: 0}
    - target: {fileID: 7750564551029259228, guid: 041b6f4129bf3044cadf8f0f9b0366bf,
        type: 3}
      propertyPath: m_LocalRotation.x
      value: 0
      objectReference: {fileID: 0}
    - target: {fileID: 7750564551029259228, guid: 041b6f4129bf3044cadf8f0f9b0366bf,
        type: 3}
      propertyPath: m_LocalRotation.y
      value: 0
      objectReference: {fileID: 0}
    - target: {fileID: 7750564551029259228, guid: 041b6f4129bf3044cadf8f0f9b0366bf,
        type: 3}
      propertyPath: m_LocalRotation.z
      value: 0
      objectReference: {fileID: 0}
    - target: {fileID: 7750564551029259228, guid: 041b6f4129bf3044cadf8f0f9b0366bf,
        type: 3}
      propertyPath: m_LocalEulerAnglesHint.x
      value: 0
      objectReference: {fileID: 0}
    - target: {fileID: 7750564551029259228, guid: 041b6f4129bf3044cadf8f0f9b0366bf,
        type: 3}
      propertyPath: m_LocalEulerAnglesHint.y
      value: 0
      objectReference: {fileID: 0}
    - target: {fileID: 7750564551029259228, guid: 041b6f4129bf3044cadf8f0f9b0366bf,
        type: 3}
      propertyPath: m_LocalEulerAnglesHint.z
      value: 0
      objectReference: {fileID: 0}
    m_RemovedComponents:
    - {fileID: 884111143681553776, guid: 041b6f4129bf3044cadf8f0f9b0366bf, type: 3}
  m_SourcePrefab: {fileID: 100100000, guid: 041b6f4129bf3044cadf8f0f9b0366bf, type: 3}
--- !u!4 &3572502690584058803 stripped
Transform:
  m_CorrespondingSourceObject: {fileID: 7750564551029259228, guid: 041b6f4129bf3044cadf8f0f9b0366bf,
    type: 3}
  m_PrefabInstance: {fileID: 6492956057134342255}
  m_PrefabAsset: {fileID: 0}
--- !u!1 &6223802368164418845 stripped
GameObject:
  m_CorrespondingSourceObject: {fileID: 884111143681553778, guid: 041b6f4129bf3044cadf8f0f9b0366bf,
    type: 3}
  m_PrefabInstance: {fileID: 6492956057134342255}
  m_PrefabAsset: {fileID: 0}
--- !u!114 &4599149312175427507 stripped
MonoBehaviour:
  m_CorrespondingSourceObject: {fileID: 7334367970581573596, guid: 041b6f4129bf3044cadf8f0f9b0366bf,
    type: 3}
  m_PrefabInstance: {fileID: 6492956057134342255}
  m_PrefabAsset: {fileID: 0}
  m_GameObject: {fileID: 6223802368164418845}
  m_Enabled: 1
  m_EditorHideFlags: 0
  m_Script: {fileID: 11500000, guid: 6a16e1a8dd5769e438995227e758d58d, type: 3}
  m_Name: 
  m_EditorClassIdentifier: 
